<?xml version="1.0" encoding="UTF-8"?><collection xmlns="http://www.loc.gov/MARC21/slim"><record><leader>00490nam--2200157-i-4500</leader><controlfield tag="001">000002994</controlfield><controlfield tag="002">20161230</controlfield><controlfield tag="005">20161230201025</controlfield><controlfield tag="008">060222s1000------------r-----000-0-eng-d</controlfield><datafield ind1="1" ind2=" " tag="100"><subfield code="a">Coddington, Earl A.And Norman, Levinson</subfield></datafield><datafield ind1="1" ind2="0" tag="245"><subfield code="a">Theory of ordinary differential equations</subfield></datafield><datafield ind1=" " ind2=" " tag="260"><subfield code="a">New York, Mcgraw-hill, 1955</subfield></datafield><datafield ind1=" " ind2=" " tag="300"><subfield code="a">XII + 429 P.CU FIG</subfield></datafield><datafield ind1=" " ind2=" " tag="490"><subfield code="a">Internternational Series In Pure And Applied Mathematics</subfield><subfield code="v">vol. 3</subfield></datafield><datafield ind1=" " ind2=" " tag="852"><subfield code="a">11815</subfield><subfield code="c">517.9</subfield></datafield><datafield ind1=" " ind2=" " tag="CAT"><subfield code="a">Sys</subfield><subfield code="c">20080929</subfield><subfield code="h">092414</subfield></datafield></record></collection>